@article{wen2014sentiment,
  title={Sentiment Analysis in {MOOC} Discussion Forums: What does it tell us?},
  author={Wen, Miaomiao and Yang, Diyi and Ros{\'e}, Carolyn Penstein},
  journal={Proceedings of Educational Data Mining},
  year={2014}
}

@inproceedings{yang2014forum,
  title={Forum thread recommendation for massive open online courses},
  author={Yang, Diyi and Piergallini, Mario and Howley, Iris and Rose, Carolyn},
  booktitle={Proceedings of 7th International Conference on Educational Data Mining},
  year={2014}
}

@article{chaturvedipredicting,
  title={Predicting Instructorâ€™s Intervention in {MOOC} forums},
  author={Chaturvedi, Snigdha and Goldwasser, Dan and Daum{\'e} III, Hal}
}

@inproceedings{liu2013sequences,
  title={Sequences of Frustration and Confusion, and Learning},
  author={Liu, Zhongxiu and Ocumpaugh, Jaclyn and Baker, Ryan SJd},
  booktitle={Proc. Int. Conf. Ed. Data Mining},
  pages={114--120},
  year={2013}
}

@inproceedings{binali2009new,
  title={A new significant area: Emotion detection in E-learning using opinion mining techniques},
  author={Binali, Haji H and Wu, Chen and Potdar, Vidyasagar},
  booktitle={Digital Ecosystems and Technologies, 2009. DEST'09. 3rd IEEE International Conference on},
  pages={259--264},
  year={2009},
  organization={IEEE}
}

@article{brinton2013learning,
  title={Learning about social learning in {MOOC}s: From statistical analysis to generative model},
  author={Brinton, Christopher G and Chiang, Mung and Jain, Shaili and Lam, Henry and Liu, Zhenming and Wong, Felix Ming Fai},
  journal={arXiv preprint arXiv:1312.2159},
  year={2013}
}

@inproceedings{kizilcec2013deconstructing,
  title={Deconstructing disengagement: analyzing learner subpopulations in massive open online courses},
  author={Kizilcec, Ren{\'e} F and Piech, Chris and Schneider, Emily},
  booktitle={Proceedings of the third international conference on learning analytics and knowledge},
  pages={170--179},
  year={2013},
  organization={ACM}
}

@article{mackness2010ideals,
  title={The ideals and reality of participating in a {MOOC},
  author={Mackness, Jenny and Mak, Sui and Williams, Roy},
  year={2010},
  publisher={University of Lancaster}
}

@inproceedings{kizilcec2013deconstructing,
  title={Deconstructing disengagement: analyzing learner subpopulations in massive open online courses},
  author={Kizilcec, Ren{\'e} F and Piech, Chris and Schneider, Emily},
  booktitle={Proceedings of the third international conference on learning analytics and knowledge},
  pages={170--179},
  year={2013},
  organization={ACM}
}

@inproceedings{song2007opinion,
  title={Opinion mining in e-learning system},
  author={Song, Dan and Lin, Hongfei and Yang, Zhihao},
  booktitle={Network and Parallel Computing Workshops, 2007. NPC Workshops. IFIP International Conference on},
  pages={788--792},
  year={2007},
  organization={IEEE}
}

@inproceedings{wang2012stay,
  title={To stay or leave?: the relationship of emotional and informational support to commitment in online health support groups},
  author={Wang, Yi-Chia and Kraut, Robert and Levine, John M},
  booktitle={Proceedings of the ACM 2012 conference on Computer Supported Cooperative Work},
  pages={833--842},
  year={2012},
  organization={ACM}
}

@article{beck2013limits,
  title={Limits to Accuracy: How Well Can We Do at Student Modeling?},
  author={Beck, Joseph E and Xiong, Xiaolu},
  journal={Educational Data Mining},
  year={2013}
}

@article{romero2010educational,
  title={Educational data mining: a review of the state of the art},
  author={Romero, Crist{\'o}bal and Ventura, Sebasti{\'a}n},
  journal={Systems, Man, and Cybernetics, Part C: Applications and Reviews, IEEE
Transactions on},
  volume={40},
  number={6},
  pages={601--618},
  year={2010},
  publisher={IEEE}
}

@article{danescu2013computational,
  title={A computational approach to politeness with application to social factors},
  author={Danescu-Niculescu-Mizil, Cristian and Sudhof, Moritz and Jurafsky, Dan and Leskovec, Jure and Potts, Christopher},
  journal={arXiv preprint arXiv:1306.6078},
  year={2013}
}

@article{zheng2004feature,
  title={Feature selection for text categorization on imbalanced data},
  author={Zheng, Zhaohui and Wu, Xiaoyun and Srihari, Rohini},
  journal={ACM SIGKDD Explorations Newsletter},
  volume={6},
  number={1},
  pages={80--89},
  year={2004},
  publisher={ACM}
}

@inproceedings{boulis2005text,
  title={Text classification by augmenting the bag-of-words representation with redundancy-compensated bigrams},
  author={Boulis, Constantinos and Ostendorf, Mari},
  year={2005},
  organization={Citeseer}
}

@inproceedings{yang1999re,
  title={A re-examination of text categorization methods},
  author={Yang, Yiming and Liu, Xin},
  booktitle={Proceedings of the 22nd annual international ACM SIGIR conference on Research and development in information retrieval},
  pages={42--49},
  year={1999},
  organization={ACM}
}

@article{chung2013social,
  title={Social interaction in online support groups: Preference for online social interaction over offline social interaction},
  author={Chung, Jae Eun},
  journal={Computers in Human Behavior},
  volume={29},
  number={4},
  pages={1408--1414},
  year={2013},
  publisher={Elsevier}
}

@article{conrad2005building,
  title={Building and Maintaining Community in Cohort-Based Online Learning.},
  author={Conrad, Dianne},
  journal={Journal of Distance Education},
  volume={20},
  number={1},
  pages={1--20},
  year={2005},
  publisher={ERIC}
}

@article{garrison2005facilitating,
  title={Facilitating cognitive presence in online learning: Interaction is not enough},
  author={Garrison, D Randy and Cleveland-Innes, Martha},
  journal={The American Journal of Distance Education},
  volume={19},
  number={3},
  pages={133--148},
  year={2005},
  publisher={Taylor \& Francis}
}

@article{lapointe2008belonging,
  title={Belonging online: Students' perceptions of the value and efficacy of an online learning community},
  author={LaPointe, Loralee and Reisetter, Marcy},
  journal={International Journal on E-Learning},
  volume={7},
  number={4},
  pages={641--665},
  year={2008}
}

@article{richardson2006role,
  title={The role of students' cognitive engagement in online learning},
  author={Richardson, Jennifer C and Newby, Tim},
  journal={The American Journal of Distance Education},
  volume={20},
  number={1},
  pages={23--37},
  year={2006},
  publisher={Taylor \& Francis}
}

@article{rovai2002sense,
  title={Sense of community, perceived cognitive learning, and persistence in asynchronous learning networks},
  author={Rovai, Alfred P},
  journal={The Internet and Higher Education},
  volume={5},
  number={4},
  pages={319--332},
  year={2002},
  publisher={Elsevier}
}

@article{bennett2005combination,
  title={The combination of text classifiers using reliability indicators},
  author={Bennett, Paul N and Dumais, Susan T and Horvitz, Eric},
  journal={Information Retrieval},
  volume={8},
  number={1},
  pages={67--100},
  year={2005},
  publisher={Springer}
}

@incollection{tulyakov2008review,
  title={Review of classifier combination methods},
  author={Tulyakov, Sergey and Jaeger, Stefan and Govindaraju, Venu and Doermann, David},
  booktitle={Machine Learning in Document Analysis and Recognition},
  pages={361--386},
  year={2008},
  publisher={Springer}
}

@article{wozniak2014survey,
  title={A survey of multiple classifier systems as hybrid systems},
  author={Wo{\'z}niak, Micha{\l} and Gra{\~n}a, Manuel and Corchado, Emilio},
  journal={Information Fusion},
  volume={16},
  pages={3--17},
  year={2014},
  publisher={Elsevier}
}

@inproceedings{san2013predicting,
  title={Predicting college enrollment from student interaction with an intelligent tutoring system in middle school},
  author={San Pedro, Maria Ofelia Z and Baker, Ryan SJd and Bowers, Alex J and Heffernan, Neil T}
}

@inproceedings{Guo:2014:VPA:2556325.2566239,
 author = {Guo, Philip J. and Kim, Juho and Rubin, Rob},
 title = {How Video Production Affects Student Engagement: An Empirical Study of {MOOC} Videos},
 booktitle = {Proceedings of the First ACM Conference on Learning @ Scale Conference},
 series = {L@S '14},
 year = {2014},
 isbn = {978-1-4503-2669-8},
 location = {Atlanta, Georgia, USA},
 pages = {41--50},
 numpages = {10},
 url = {http://doi.acm.org/10.1145/2556325.2566239},
 doi = {10.1145/2556325.2566239},
 acmid = {2566239},
 publisher = {ACM},
 address = {New York, NY, USA},
 keywords = {mooc, online education, video engagement},
} 

@inproceedings{Kim:2014:UID:2556325.2566237,
 author = {Kim, Juho and Guo, Philip J. and Seaton, Daniel T. and Mitros, Piotr and Gajos, Krzysztof Z. and Miller, Robert C.},
 title = {Understanding In-video Dropouts and Interaction Peaks Inonline Lecture Videos},
 booktitle = {Proceedings of the First ACM Conference on Learning @ Scale Conference},
 series = {L@S '14},
 year = {2014},
 isbn = {978-1-4503-2669-8},
 location = {Atlanta, Georgia, USA},
 pages = {31--40},
 numpages = {10},
 url = {http://doi.acm.org/10.1145/2556325.2566237},
 doi = {10.1145/2556325.2566237},
 acmid = {2566237},
 publisher = {ACM},
 address = {New York, NY, USA},
 keywords = {in-video dropout, interaction peaks, mooc, online education, peak detection., video analysis},
} 

@inproceedings{Tomkin:2014:PMU:2556325.2566245,
 author = {Tomkin, Jonathan H. and Charlevoix, Donna},
 title = {Do Professors Matter?: Using an a/B Test to Evaluate the Impact of Instructor Involvement on {MOOC} Student Outcomes},
 booktitle = {Proceedings of the First ACM Conference on Learning @ Scale Conference},
 series = {L@S '14},
 year = {2014},
 isbn = {978-1-4503-2669-8},
 location = {Atlanta, Georgia, USA},
 pages = {71--78},
 numpages = {8},
 url = {http://doi.acm.org/10.1145/2556325.2566245},
 doi = {10.1145/2556325.2566245},
 acmid = {2566245},
 publisher = {ACM},
 address = {New York, NY, USA},
 keywords = {a/b testing, collaborative learning., mooc},
} 

@inproceedings{Stephens-Martinez:2014:MMI:2556325.2566246,
 author = {Stephens-Martinez, Kristin and Hearst, Marti A. and Fox, Armando},
 title = {Monitoring {MOOC}s: Which Information Sources Do Instructors Value?},
 booktitle = {Proceedings of the First ACM Conference on Learning @ Scale Conference},
 series = {L@S '14},
 year = {2014},
 isbn = {978-1-4503-2669-8},
 location = {Atlanta, Georgia, USA},
 pages = {79--88},
 numpages = {10},
 url = {http://doi.acm.org/10.1145/2556325.2566246},
 doi = {10.1145/2556325.2566246},
 acmid = {2566246},
 publisher = {ACM},
 address = {New York, NY, USA},
 keywords = {e-learning, instructor support, massive open online courses, {mooc}s, visualizations},
} 

@inproceedings{Huang:2014:SBM:2556325.2566249,
 author = {Huang, Jonathan and Dasgupta, Anirban and Ghosh, Arpita and Manning,
Jane and Sanders, Marc},
 title = {Superposter Behavior in {MOOC} Forums},
 booktitle = {Proceedings of the First ACM Conference on Learning @ Scale Conference},
 series = {L@S '14},
 year = {2014},
 isbn = {978-1-4503-2669-8},
 location = {Atlanta, Georgia, USA},
 pages = {117--126},
 numpages = {10},
 url = {http://doi.acm.org/10.1145/2556325.2566249},
 doi = {10.1145/2556325.2566249},
 acmid = {2566249},
 publisher = {ACM},
 address = {New York, NY, USA},
 keywords = {collaborative learning, coursera, data mining, education, massive open online course, mooc, online forums},
} 

@inproceedings{Ng:2004:FSL:1015330.1015435,
 author = {Ng, Andrew Y.},
 title = {Feature Selection, {$L_{1}$} vs. {$L_{2}$} Regularization, and Rotational Invariance},
 booktitle = {Proceedings of the Twenty-first International Conference on Machine Learning},
 series = {ICML '04},
 year = {2004},
 isbn = {1-58113-838-5},
 location = {Banff, Alberta, Canada},
 pages = {78--},
 url = {http://doi.acm.org/10.1145/1015330.1015435},
 doi = {10.1145/1015330.1015435},
 acmid = {1015435},
 publisher = {ACM},
 address = {New York, NY, USA},
} 

@inproceedings{wen2015confusion,
  author = {Wen, Miaomaio and Howley, Iris and Kraut, Robert and Ros{\'e}, Carolyn},
  title = {Exploring the Effect of Confusion in Discussion Forums of Massive Open Online Courses},
  booktitle = {Proceedings of the Second ACM Conference on Learning @ Scale Conference},
  series = {L@S '15},
  year = {2015},
  publisher = {ACM},
  address = {New York, NY, USA},
}

@article{hambridge1995netiquette,
  title={Netiquette guidelines},
  author={Hambridge, Sally},
  year={1995}
}

@article{freeman2004student,
  title={Student choice of anonymity for learner identity in online learning discussion forums},
  author={Freeman, Mark and Bamford, Anne},
  journal={International Journal on E-learning},
  volume={3},
  number={3},
  pages={45--53},
  year={2004}
}

@online{glasgow,
  author = {Information Retrieval Group at University of Glasgow},
  title = {Stop Word List},
  url = {http://ir.dcs.gla.ac.uk/resources/linguistic_utils/stop_words},
  urldate = {Accessed: 2015-02-05}
}

@inproceedings{Kim:2014:UID:2556325.2566237,
 author = {Kim, Juho and Guo, Philip J. and Seaton, Daniel T. and Mitros, Piotr and Gajos, Krzysztof Z. and Miller, Robert C.},
 title = {Understanding In-video Dropouts and Interaction Peaks Inonline Lecture Videos},
 booktitle = {Proceedings of the First ACM Conference on Learning @ Scale Conference},
 series = {L@S '14},
 year = {2014},
 isbn = {978-1-4503-2669-8},
 location = {Atlanta, Georgia, USA},
 pages = {31--40},
 numpages = {10},
 url = {http://doi.acm.org/10.1145/2556325.2566237},
 doi = {10.1145/2556325.2566237},
 acmid = {2566237},
 publisher = {ACM},
 address = {New York, NY, USA},
 keywords = {in-video dropout, interaction peaks, mooc, online education, peak detection., video analysis},
} 

@inproceedings{Guo:2014:VPA:2556325.2566239,
 author = {Guo, Philip J. and Kim, Juho and Rubin, Rob},
 title = {How Video Production Affects Student Engagement: An Empirical Study of {MOOC} Videos},
 booktitle = {Proceedings of the First ACM Conference on Learning @ Scale Conference},
 series = {L@S '14},
 year = {2014},
 isbn = {978-1-4503-2669-8},
 location = {Atlanta, Georgia, USA},
 pages = {41--50},
 numpages = {10},
 url = {http://doi.acm.org/10.1145/2556325.2566239},
 doi = {10.1145/2556325.2566239},
 acmid = {2566239},
 publisher = {ACM},
 address = {New York, NY, USA},
 keywords = {mooc, online education, video engagement},
}

@article{cohen1960coefficient,
  title={A coefficient of agreement for nominal scales.},
  author={Cohen, Jacob},
  journal={Educational and Psychological Measurement},
  year={1960},
  publisher={Sage Publications}
}

@article{wilson1989learning,
  title={Learning from confusion: Questions and change in reading logs},
  author={Wilson, Nancy},
  journal={English Journal},
  pages={62--69},
  year={1989},
  publisher={JSTOR}
}

@article{hollands2014moocs,
  title={{MOOC}s: Expectations and reality},
  author={Hollands, Fiona M},
  year={2014}
}


@MISC{stanfordMOOCPosts
  ,author = "Akshay Agrawal and Andreas Paepcke"
  ,title = "The Stanford MOOCPosts Data Set"
  ,year = "2014"
  ,month = "December"
  ,howpublished = "{\url{http://datastage.stanford.edu/StanfordMoocPosts/}}"
  }
